@online{ai-wikipedia,
  author={Wikipedia},
  title={KÃ¼nstliche Intelligenz},
  url={https://de.wikipedia.org/wiki/K%C3%BCnstliche_Intelligenz},
  urldate={2023-04-20},
  year={2023}
}

@book{example,
  title={The Title of the Book},
  author={The Author},
  publisher={The Publisher},
  year={2017},
}

@online{Kognitive_Verzerrung,
  author={Wikipedia},
  title={Kognitive Verzerrung},
  url={https://de.wikipedia.org/wiki/Kognitive_Verzerrung},
  urldate={2024-05-24},
  year={2024}
}

@online{Ursachen_Bias,
author={Asana},
title={Ursachen von Bias},
url={https://asana.com/de/resources/unconscious-bias-examples},
urldate={2024-05-30},
year={2024}
}

@online{Folgen_Bias,
author={Anti-Bias},
title={Folgen von Bias},
url={https://www.anti-bias.eu/biaseffekte/biases-in-kuenstlicher-intelligenz/},
urldate={2024-05-31},
year={2024}
}